```bibtex
@software{mosquim2025forge_v101,
  author    = {Mosquim, Rafael and Lima, Paulo Sergio Pinheiro and Pastre, Leonardo and Seabra, Joaquim},
  title     = {FORGE â€” Flexible Optimization of Routes for GHG \& Energy},
  year      = {2025},
  month     = {september},
  version   = {1.0.1},
  publisher = {Zenodo},
  doi       = {10.5281/zenodo.17246738},
  url       = {https://doi.org/10.5281/zenodo.17246738}
}
@software{mosquim2025forge_concept,
  author = {Mosquim, Rafael and Lima, Paulo Sergio Pinheiro and Pastre, Leonardo and Seabra, Joaquim},
  title = {FORGE - Flexible Optimization of Routes for GHG \& Energy},
  year = 2025,
  publisher = {Zenodo},
  doi = {10.5281/zenodo.17145189},
  url = {https://doi.org/10.5281/zenodo.17145189}
}
@misc{worldsteel2023,
  title = {World Steel in Figures},
  author = {{World Steel Association}},
  year = {2023},
  url = {https://worldsteel.org/steel-by-topic/statistics/}
}